@ARTICLE{rolls2003,
  author = {Edmund T. Rolls},
  title = {{A Theory of Emotions, Its Functions, and Its Adaptive Value}},
  year = 2002,
  volume = 1,
  publisher = {MIT Press},
  pages = {11--32},
  journal = {Emotions in Humans and Artifacts},
  address = {Cambrige, Mass.}
}

@CONFERENCE{ahnpicard2006,
  author = {Hyungil Ahn and Rosalind W. Picard},
  title = {Affective-Cognitive Learning and Decision Making: The Role of Emotions},
  year = {2006},
  month = {April},
  journal = {The 18th European Meeting on Cybernetics and Systems Research}
}

@book{ortony1988,
	author = {Andrew Ortony and Gerald L. Clore and Allan Collins},
	title = {The Cognitive Structure of Emotions},
	year = {1988},
	publisher = {Cambridge University Press}
}

@book{picard1997,
	author = {Rosalind W. Picard},
	title = {\highlight{Affective Computing}},
	publisher = {The MIT Press},
	year = {1997}
}

@incollection{morgado2005,
year={2005},
isbn={978-3-540-30737-2},
booktitle={Progress in Artificial Intelligence},
volume={3808},
series={Lecture Notes in Computer Science},
editor={Bento, Carlos and Cardoso, Amílcar and Dias, Gaël},
doi={10.1007/11595014_11},
title={\highlight{Adaptation and Decision-Making Driven by Emotional Memories}},
url={http://dx.doi.org/10.1007/11595014_11},
publisher={Springer Berlin Heidelberg},
author={Morgado, Luís and Gaspar, Graça},
pages={102-114}
}


@ARTICLE{bechara2005,
	title = {{The somatic marker hypothesis: A neural theory of economic decision}},
	journal = {Games and Economic Behavior},
	volume = 52,
	number = 2,
	pages = {336--372},
	year = {2005},
	issn = {0899-8256},
	doi = {http://dx.doi.org/10.1016/j.geb.2004.06.010},
	url = {http://www.sciencedirect.com/science/article/pii/S0899825604001034},
	author = {Antoine Bechara and Antonio R. Damasio}
}

@BOOK{damasio1994,
	title = {{Descartes' Error: Emotion, Reason, and the Human Brain}},
	year = 1994,
	address = {New York},
	author = {Antonio R. Damasio},
	publisher = {Gosset/Putnam Press}
}

@ARTICLE{chassy2005,
	title={{A model of emotional influence on memory processing}},
	author={Philippe Chassy and Fernand Gobet},
	year={2005},
	journal={Symposium on agents that want and like: Motivational and emotional roots of cognition and action. AISB 2005},
}

@inproceedings{DBLP:conf/acii/KazemzadehLGN11,
  author    = {Abe Kazemzadeh and
               Sungbok Lee and
               Panayiotis G. Georgiou and
               Shrikanth S. Narayanan},
  title     = {Emotion Twenty Questions: Toward a Crowd-Sourced Theory
               of Emotions},
  booktitle = {ACII (2)},
  year      = {2011},
  pages     = {1-10},
  ee        = {http://dx.doi.org/10.1007/978-3-642-24571-8_1},
  crossref  = {DBLP:conf/acii/2011-2},
  bibsource = {DBLP, http://dblp.uni-trier.de}
}
@proceedings{DBLP:conf/acii/2011-2,
  editor    = {Sidney K. D'Mello and
               Arthur C. Graesser and
               Bj{\"o}rn Schuller and
               Jean-Claude Martin},
  title     = {Affective Computing and Intelligent Interaction - Fourth
               International Conference, ACII 2011, Memphis, TN, USA, October
               9-12, 2011, Proceedings, Part II},
  booktitle = {ACII (2)},
  publisher = {Springer},
  series    = {Lecture Notes in Computer Science},
  volume    = {6975},
  year      = {2011},
  isbn      = {978-3-642-24570-1},
  ee        = {http://dx.doi.org/10.1007/978-3-642-24571-8},
  bibsource = {DBLP, http://dblp.uni-trier.de}
}

@inproceedings{DBLP:conf/acii/RiekOR11,
  author    = {Laurel D. Riek and
               Maria F. O'Connor and
               Peter Robinson},
  title     = {Guess What? {A} Game for Affective Annotation of Video Using
               Crowd Sourcing},
  booktitle = {ACII (1)},
  year      = {2011},
  pages     = {277-285},
  ee        = {http://dx.doi.org/10.1007/978-3-642-24600-5_31},
  crossref  = {DBLP:conf/acii/2011-1},
  bibsource = {DBLP, http://dblp.uni-trier.de}
}

@incollection{DBLP:conf/acii/AlZoubiHDC11,
year={2011},
isbn={978-3-642-24599-2},
booktitle={Affective Computing and Intelligent Interaction},
volume={6974},
series={Lecture Notes in Computer Science},
editor={D’Mello, Sidney and Graesser, Arthur and Schuller, Björn and Martin, Jean-Claude},
doi={10.1007/978-3-642-24600-5_4},
title={Affective Modeling from Multichannel Physiology: Analysis of Day Differences},
url={http://dx.doi.org/10.1007/978-3-642-24600-5_4},
publisher={Springer Berlin Heidelberg},
keywords={Affect detection; classifier ensembles; non-stationarity; physiology},
author={Alzoubi, Omar and Hussain, Md.Sazzad and D’Mello, Sidney and Calvo, RafaelA.},
pages={4-13}
}


@incollection{DBLP:conf/acii/MeloCAG11,
year={2011},
isbn={978-3-642-24599-2},
booktitle={Affective Computing and Intelligent Interaction},
volume={6974},
series={Lecture Notes in Computer Science},
editor={D’Mello, Sidney and Graesser, Arthur and Schuller, Björn and Martin, Jean-Claude},
doi={10.1007/978-3-642-24600-5_10},
title={A Computer Model of the Interpersonal Effect of Emotion Displayed in a Social Dilemma},
url={http://dx.doi.org/10.1007/978-3-642-24600-5_10},
publisher={Springer Berlin Heidelberg},
keywords={Emotion; Cooperation; Social Dilemma; Probabilistic Model},
author={Melo, CelsoM. and Carnevale, Peter and Antos, Dimitrios and Gratch, Jonathan},
pages={67-76}
}


@inproceedings{DBLP:conf/acii/SchroderBBPPZ11,
  author    = {Marc Schr{\"o}der and
               Paolo Baggia and
               Felix Burkhardt and
               Catherine Pelachaud and
               Christian Peter and
               Enrico Zovato},
  title     = {EmotionML - An Upcoming Standard for Representing Emotions
               and Related States},
  booktitle = {ACII (1)},
  year      = {2011},
  pages     = {316-325},
  ee        = {http://dx.doi.org/10.1007/978-3-642-24600-5_35},
  crossref  = {DBLP:conf/acii/2011-1},
  bibsource = {DBLP, http://dblp.uni-trier.de}
}

@incollection{DBLP:conf/acii/YongT05,
year={2005},
isbn={978-3-540-29621-8},
booktitle={Affective Computing and Intelligent Interaction},
volume={3784},
series={Lecture Notes in Computer Science},
editor={Tao, Jianhua and Tan, Tieniu and Picard, RosalindW.},
doi={10.1007/11573548_78},
title={Affective Computing Model Based on Rough Sets},
url={http://dx.doi.org/10.1007/11573548_78},
publisher={Springer Berlin Heidelberg},
author={Yong, Chen and Tong, He},
pages={606-613}
}


@proceedings{DBLP:conf/acii/2005,
  editor    = {Jianhua Tao and
               Tieniu Tan and
               Rosalind W. Picard},
  title     = {Affective Computing and Intelligent Interaction, First International
               Conference, ACII 2005, Beijing, China, October 22-24, 2005,
               Proceedings},
  booktitle = {ACII},
  publisher = {Springer},
  series    = {Lecture Notes in Computer Science},
  volume    = {3784},
  year      = {2005},
  isbn      = {3-540-29621-2},
  bibsource = {DBLP, http://dblp.uni-trier.de}
}

@inproceedings{DBLP:conf/acii/CampanoSCS11,
  author    = {Sabrina Campano and
               Etienne de Sevin and
               Vincent Corruble and
               Nicolas Sabouret},
  title     = {Simulating Affective Behaviours : An Approach Based on the
               COR Theory},
  booktitle = {ACII (1)},
  year      = {2011},
  pages     = {457-466},
  ee        = {http://dx.doi.org/10.1007/978-3-642-24600-5_49},
  crossref  = {DBLP:conf/acii/2011-1},
  bibsource = {DBLP, http://dblp.uni-trier.de}
}

@incollection{DBLP:conf/prima/BosseDMTW09,
year={2009},
isbn={978-3-642-11160-0},
booktitle={Principles of Practice in Multi-Agent Systems},
volume={5925},
series={Lecture Notes in Computer Science},
editor={Yang, Jung-Jin and Yokoo, Makoto and Ito, Takayuki and Jin, Zhi and Scerri, Paul},
doi={10.1007/978-3-642-11161-7_4},
title={A Multi-agent Model for Emotion Contagion Spirals Integrated within a Supporting Ambient Agent Model},
url={http://dx.doi.org/10.1007/978-3-642-11161-7_4},
publisher={Springer Berlin Heidelberg},
keywords={multi-agent model; emotion contagion spirals; ambient agent model},
author={Bosse, Tibor and Duell, Rob and Memon, ZulfiqarA. and Treur, Jan and Wal, C.Natalie},
pages={48-67}
}


@proceedings{DBLP:conf/prima/2009,
  editor    = {Jung-Jin Yang and
               Makoto Yokoo and
               Takayuki Ito and
               Zhi Jin and
               Paul Scerri},
  title     = {Principles of Practice in Multi-Agent Systems, 12th International
               Conference, PRIMA 2009, Nagoya, Japan, December 14-16, 2009.
               Proceedings},
  booktitle = {PRIMA},
  publisher = {Springer},
  series    = {Lecture Notes in Computer Science},
  volume    = {5925},
  year      = {2009},
  isbn      = {978-3-642-11160-0},
  ee        = {http://dx.doi.org/10.1007/978-3-642-11161-7},
  bibsource = {DBLP, http://dblp.uni-trier.de}
}

@inproceedings{DBLP:conf/acii/PereiraDPSP11,
  author    = {Gon\c{c}alo Pereira and
               Joana Dimas and
               Rui Prada and
               Pedro Alexandre Santos and
               Ana Paiva},
  title     = {A Generic Emotional Contagion Computational Model},
  booktitle = {ACII (1)},
  year      = {2011},
  pages     = {256-266},
  ee        = {http://dx.doi.org/10.1007/978-3-642-24600-5_29},
  crossref  = {DBLP:conf/acii/2011-1},
  bibsource = {DBLP, http://dblp.uni-trier.de}
}

@book{minsky,
	title = {The Emotion Machine: Commonsense Thinking, Artificial Intelligence, and the Future of the Human Mind},
	author = {Marvin Minsky},
	publisher = {Simon and Schuster},
	year = 2006,
	address = {New York City}
}

@article{DBLP:journals/adb/GadanhoH01,
  author    = {Sandra Clara Gadanho and John Hallam},
  title     = {Robot Learning Driven by Emotions},
  journal   = {Adaptive Behaviour},
  volume    = {9},
  number    = {1},
  year      = {2001},
  pages     = {42-64},
  ee        = {http://dx.doi.org/10.1177/105971230200900102},
  bibsource = {DBLP, http://dblp.uni-trier.de}
}

@mastersthesis{feder2008,
	title = {Methods of Affective Artificial Intelligence and an Application for Traffic Simulations with Emotional Drivers},
	author = {Alexander Feder},
	school = {Vienna University of Technology},
	year = 2008,
	month = July,
}

@article{dastani2011,
	title = {A Formal Model of Emotion Triggers: An Approach for BDI Agents},
	author = {Bas R. Steunebrink and Mehdi Dastani and John-Jules Chr. Meyer},
	year = {2011},
	journal = {Synthese},
	month = April,
	volume = 185,
	issue = 1,
	pages = {83--192}
}

@book{ortony1988,
	title = {The cognitive structure of emotions},
	author = {Andrew Ortony and Gerald L. Clore and Allan Collins},
	year = 1988,
	publisher = {Cambridge University Press},
	address = {Cambridge}
}

@article{breazeal2003,
	title = {Emotion and Sociable Humanoid Robots},
	author = {Cynthia Breazeal},
	journal = {Internation Journal of Human-Computer Studies},
	volume = {59},
	pages = {119--155},
	year = {2003}
}

@book{cambridgeAff,
	title = {\highlight{The Cambridge Handbook of Human Affective Neuroscience}},
	year = 2013,
	author = {Jorge Amory and Patrik Vuilleumier},
	publisher = {Cambridge University Press},
	isbn = {9780521171557}
}

@article{gable2008,
	author = {P. A., Gable and E., Harmon-Jones},
	year = 2008,
	title = {\highlight{Approach-related positive affect reduces breath of attention}},
	yournal = {Psychological Science},
	volume = 19,
	pages = {476-82}
}	

@article{davidson1999,
	author = {R. J., Davidson and W., Irwin},
	year = 1999,
	title = {\highlight{The functional neuroanatomy of emotion and affective style}},
	yournal = {Trends in Cognitive Science},
	volume = 3,
	pages = {11-21}
}

@book{tomkins1963,
	author = {S.S., Tomkins},
	year = 1963,
	title = {\highlight{Affect imagery consciousness. Volume II: The negative affects}},
	publisher = {Springer},
	address = {New York},
	pages = {11-21}
}

@inproceedings{steunebrink2009,
	author = {B. R., Steuenbrink and M. M., Dastani and J.-J. Ch. Meyer},
	year = 2009,
	title = {\highlight{The OCC model Revisited}},
	booktitle = {Proceedings of the 4th Workshop on Emotion and Computing - Current Research and Future Impact},
	address = {Paderborn}
}