@book{maclean1990,
	title = {The Triune Brain in Evolution: Role in Paleocerebral Functions},
	author = {Paul MacLean},
	year = 1990,
	address = {New York},
	publisher = {Plenum Press},
	isbn = {0-306-43168-8}
}

@book{emotionMachine,
	title = {The Emotion Machine},
	author = {Marvin Minsky},
	year = 2006,
	address = {New York},
	publisher = {Simon \& Schuster},
	isbn = {978-0743276641}
}

@article{spikingNeural,
 author = {Ionescu, Mihai and P\u{a}un, Gheorghe and Yokomori, Takashi},
 title = {Spiking Neural P Systems},
 journal = {Fundam. Inf.},
 issue_date = {August 2006},
 volume = {71},
 number = {2,3},
 month = feb,
 year = {2006},
 issn = {0169-2968},
 pages = {279--308},
 numpages = {30},
 url = {http://dl.acm.org/citation.cfm?id=1227505.1227513},
 acmid = {1227513},
 publisher = {IOS Press},
 address = {Amsterdam, The Netherlands, The Netherlands},
 keywords = {Spiking neurons, Turing computability, membrane computing, semilinear set},
}

@book{membraneComputing,
 author = {Paun, Gheorghe and Rozenberg, Grzegorz and Salomaa, Arto},
 title = {The Oxford Handbook of Membrane Computing},
 year = {2010},
 isbn = {0199556679, 9780199556670},
 publisher = {Oxford University Press, Inc.},
 address = {New York, NY, USA},
} 

@article{DBLP:journals/nn/SanderGS05,
  author    = {David Sander and
               Didier Grandjean and
               Klaus R. Scherer},
  title     = {A systems approach to appraisal mechanisms in emotion},
  journal   = {Neural Networks},
  volume    = {18},
  number    = {4},
  year      = {2005},
  pages     = {317-352},
  ee        = {http://dx.doi.org/10.1016/j.neunet.2005.03.001},
  bibsource = {DBLP, http://dblp.uni-trier.de}
}

@Article{8713551,
AUTHOR = {Alain Berthoz},
TITLE = {The role of inhibition in the hierarchical gating of executed and imagined movements.},
JOURNAL = {Cognitive Brain Reseach},
VOLUME = {3},
YEAR = {1996},
NUMBER = {2},
PAGES = {101-13},
URL = {http://www.biomedsearch.com/nih/role-inhibition-in-hierarchical-gating/8713551.html},
PubMedID = {8713551},
ISSN = {0926-6410},
}

@article{lotze1999,
	author = {Martin Lotze and Perdo Montoya and Michael Erb and Ernst HÃ¼lsmann and Herta Flor and Uwe Klose and Niels Birbaumer and Wolfgang Grodd},
	titel = {Activation of Cortical and Cerebellar Motor Areas during Executed and Imagined Hand Movements: And fMRI Study},
	year = {1999},
	volume = {11},
	journal = {Journal of Cognitive Neuroscience},
	pages = {491-501},
	number = {5}
}

@article{DBLP:journals/adb/GadanhoH01,
  author    = {Sandra Clara Gadanho and John Hallam},
  title     = {Robot Learning Driven by Emotions},
  journal   = {Adaptive Behaviour},
  volume    = {9},
  number    = {1},
  year      = {2001},
  pages     = {42-64},
  ee        = {http://dx.doi.org/10.1177/105971230200900102},
  bibsource = {DBLP, http://dblp.uni-trier.de}
}

@article{breazeal2003,
	title = {Emotion and Sociable Humanoid Robots},
	author = {Cynthia Breazeal},
	journal = {Internation Journal of Human-Computer Studies},
	volume = 59,
	pages = {119--155},
	year = 2003
}

@book{ortony1988,
	title = {The cognitive structure of emotions},
	author = {Andrew Ortony and Gerald L. Clore and Allan Collins},
	year = 1988,
	publisher = {Cambridge University Press},
	address = {Cambridge}
}
